@INPROCEEDINGS{EventMeters, 
author={M. Simonov and G. Zanetto}, 
booktitle={2015 International Conference on Event-based Control, Communication, and Signal Processing (EBCCSP)}, 
title={Event-based hybrid metering feeding AMI and SCADA}, 
year={2015}, 
pages={1-8}, 
keywords={Big Data;SCADA systems;cloud computing;data acquisition;energy management systems;service-oriented architecture;smart meters;AMI;FI-WARE architectural framework;FINESCE;SCADA;advanced metering infrastructure;cloud-based service-oriented architecture;data acquisition system;event-based hybrid metering;event-based smart meter;future internet public-private-partnership;low voltage energy distribution topology;smart grid;supervisory control;Energy measurement;Market research;Real-time systems;Shape;Smart meters;Time division multiplexing;Electricity metering;Energy management;Smart grids}, 
doi={10.1109/EBCCSP.2015.7300706}, 
month={June},}

@article{SCADANetworks,
title = "Security issues in \{SCADA\} networks ",
journal = "Computers \& Security ",
volume = "25",
number = "7",
pages = "498 - 506",
year = "2006",
note = "",
issn = "0167-4048",
doi = "https://doi.org/10.1016/j.cose.2006.03.001",
url = "http://www.sciencedirect.com/science/article/pii/S0167404806000514",
author = "Vinay M. Igure and Sean A. Laughter and Ronald D. Williams",
keywords = "\{SCADA\} network security",
keywords = "Critical infrastructure security",
keywords = "SCADA protocol analysis",
keywords = "Firewalls",
keywords = "Intrusion detection systems",
keywords = "SCADA cryptography ",
}

@article{CyberWarfare,
title = "\{SCADA\} security in the light of Cyber-Warfare ",
journal = "Computers \& Security ",
volume = "31",
number = "4",
pages = "418 - 436",
year = "2012",
note = "",
issn = "0167-4048",
doi = "https://doi.org/10.1016/j.cose.2012.02.009",
url = "http://www.sciencedirect.com/science/article/pii/S0167404812000429",
author = "A. Nicholson and S. Webber and S. Dyer and T. Patel and H. Janicke",
keywords = "SCADA",
keywords = "Security",
keywords = "Cyber-Warfare",
keywords = "Adversary classification",
keywords = "SCADA incidents "
}

@inproceedings{SecureModbus,
  title={Design and implementation of a secure modbus protocol},
  author={Fovino, Igor Nai and Carcano, Andrea and Masera, Marcelo and Trombetta, Alberto},
  booktitle={International Conference on Critical Infrastructure Protection},
  pages={83--96},
  year={2009},
  organization={Springer}
}

@article{WhosAttacking,
  title={Whoâ€™s Really Attacking Your ICS Equipment?},
  author={Wilhoit, Kyle},
  publisher={Trend Micro}
}

@article{Stuxnet,
  title={W32. stuxnet dossier},
  author={Falliere, Nicolas and Murchu, Liam O and Chien, Eric}
}

@misc{Shodan, title={Map of Industrial Control Systems on the Internet}, url={https://icsmap.shodan.io/}, howpublished={\url{https://icsmap.shodan.io/}},
journal={4SICS}}

@misc{opendnp3, title={OpenDNP3}, url={https://www.automatak.com/opendnp3/}, journal={opendnp3}, howpublished={\url{https://www.automatak.com/opendnp3/}},
author={Automatak}}

@INPROCEEDINGS{OpenPLC, 
author={T. R. Alves and M. Buratto and F. M. de Souza and T. V. Rodrigues}, 
booktitle={IEEE Global Humanitarian Technology Conference (GHTC 2014)}, 
title={OpenPLC: An open source alternative to automation}, 
year={2014}, 
pages={585-589}, 
keywords={control engineering computing;factory automation;production engineering computing;programmable controllers;public domain software;OpenPLC;industrial automation;industrial production;low-cost open source PLC;programmable logic controller;Automation;Central Processing Unit;Floors;Light emitting diodes;Protocols;Relays;Software;Automation;MODBUS;Open source;OpenPLC;PLC}, 
doi={10.1109/GHTC.2014.6970342}, 
month={Oct},}

@misc{pvbrowser, title={The Process Visualiation Browser.}, url={https://pvbrowser.de/pvbrowser/index.php}, howpublished={\url{https://pvbrowser.de/pvbrowser/index.php}}, journal={pvbrowser}, 
author={Lehrig Software Engineering}}

@misc{Spire, title={Spire: Intrusion-Tolerant SCADA for the Power Grid}, url={http://www.dsn.jhu.edu/spire/}, howpublished={\url{http://www.dsn.jhu.edu/spire/}},
journal={Spire: Intrusion-Tolerant SCADA for the Power Grid}, publisher={Johns Hopkins University}, author={Johns Hopkins Distributed Systems and Networks Lab}}

@article{NIST,
  title={Guide to industrial control systems (ICS) security},
  author={Stouffer, Keith},
  journal={NIST special publication},
  volume={800},
  number={82},
  pages={16--16}
}

@INPROCEEDINGS{Spines, 
author={D. Obenshain and T. Tantillo and A. Babay and J. Schultz and A. Newell and M. E. Hoque and Y. Amir and C. Nita-Rotaru}, 
booktitle={2016 IEEE 36th International Conference on Distributed Computing Systems (ICDCS)}, 
title={Practical Intrusion-Tolerant Networks}, 
year={2016}, 
pages={45-56}, 
keywords={IP networks;Internet;computer network security;overlay networks;East Asia;Europe;IP infrastructure;Internet;North America;critical infrastructure;global cloud;high-value applications;intrusion-tolerant network service;intrusion-tolerant overlay implementation;malicious attacks;network infrastructure;power grid;IP networks;Internet;Monitoring;Overlay networks;Reliability;Routing;Semantics;Intrusion Tolerance;Overlay Networks;Resilient Networks}, 
doi={10.1109/ICDCS.2016.99}, 
ISSN={1063-6927}, 
month={June},}

@ARTICLE{Prime, 
author={Y. Amir and B. Coan and J. Kirsch and J. Lane}, 
journal={IEEE Transactions on Dependable and Secure Computing}, 
title={Prime: Byzantine Replication under Attack}, 
year={2011}, 
volume={8}, 
number={4}, 
pages={564-577}, 
keywords={fault tolerant computing;finite state machines;security of data;Byzantine faults;Byzantine-resilient replication protocols;performance attack;performance degradation;performance-oriented correctness criterion;Delay;Fault tolerance;Fault tolerant systems;Lead;Protocols;Safety;Servers;Byzantine fault tolerance;Performance under attack;distributed systems.;replicated state machines}, 
doi={10.1109/TDSC.2010.70}, 
ISSN={1545-5971}, 
month={July},}

@ARTICLE{SurvivableSCADA, 
author={J. Kirsch and S. Goose and Y. Amir and D. Wei and P. Skare}, 
journal={IEEE Transactions on Smart Grid}, 
title={Survivable SCADA Via Intrusion-Tolerant Replication}, 
year={2014}, 
volume={5}, 
number={1}, 
pages={60-70}, 
keywords={SCADA systems;fault tolerance;production engineering computing;security of data;SCADA architecture;cyber attacks;intrusion-tolerant protocols;intrusion-tolerant replication;performance degradation;survivable SCADA system;Clocks;Libraries;Monitoring;Protocols;SCADA systems;Servers;Synchronization;Cyber attack;SCADA systems;fault tolerance;reliability;resilience;survivability}, 
doi={10.1109/TSG.2013.2269541}, 
ISSN={1949-3053}, 
month={Jan},}


@INPROCEEDINGS{nextgen, 
author={S. Karnouskos and A. W. Colombo}, 
booktitle={IECON 2011 - 37th Annual Conference of the IEEE Industrial Electronics Society}, 
title={Architecting the next generation of service-based SCADA/DCS system of systems}, 
year={2011}, 
pages={359-364}, 
keywords={SCADA systems;Web services;distributed control;embedded systems;industrial control;large-scale systems;networked control systems;architectural paradigm;control application;cross-layer collaboration;ecosystem;enterprise application;industrial application;industrial infrastructure;large-scale system;monitoring application;network application;networked embedded system;next generation DCS system;next generation SCADA system;service based interaction;service-based SCADA-DCS system architecture;shop-floor device;Monitoring;Wide area networks}, 
doi={10.1109/IECON.2011.6119279}, 
ISSN={1553-572X}, 
month={Nov},}

@misc{cJSON, title={cJSON}, url={https://github.com/DaveGamble/cJSON}, journal={GitHub}, publisher={DaveGamble}, howpublished={\url{http://github.com/DaveGamble/cJSON}},
  author={DaveGamble}, year={2017}, month={May}
}

@misc{ASE, title={ASE2000 Version 2}, url={http://www.ase-systems.com/ase2000-version-2/}, howpublished={\url{http://www.ase-systems.com/ase2000-version-2/}}, journal={Applied Systems Engineering Inc}}

@misc{lucy, title={Scada System \& Networks}, url={http://www.lucyelectric.com/en/press-news/videos/scada/}, howpublished={\url{http://www.lucyelectric.com/en/press-news/videos/scada/}}, journal={Scada System & Networks}, author={Lucy Electric}}

@inproceedings{towardsscada,
  title={Toward Survivable Intrusion-Tolerant Open-Source SCADA},
  author={Thomas Tantillo},
  year={2015}
}